@book{basar1995dynamic,
  title={Dynamic Noncooperative Game Theory},
  author={Basar, Tamer and Olsder, Geert Jan},
  edition={1},
  year={1995},
  publisher={Academic Press},
  location={New York},
  pagetotal={519}
} 

@article{umble2003enterprise,
	title={Enterprise resource planning: Implementation procedures and critical success factors},
	author={Umble, Elisabeth and Haft, Ronald and Umble, Michael},
	journal={European journal of operational research},
	volume={146},
	number={2},
	pages={241--257},
	year={2003},
	publisher={Elsevier}
}

@inproceedings{somers2001impact,
	title={The impact of critical success factors across the stages of enterprise resource planning implementations},
	author={Somers, Toni M and Nelson, Klara},
	booktitle={Proceedings of the 34th Annual Hawaii International Conference on System Sciences},
	pages={1--10},
	year={2001},
	organization={IEEE}
}

@inbook{knuth1973fundamental,
	author = {Donald E. Knuth},
	title = {Fundamental Algorithms},
	volume = {1},
	series = {The Art of Computer Programming},
	publisher = {Addison-Wesley},
	address = {Reading, Massachusetts},
	edition = {Second},
	year = {1973},
	type = {Section},
	chapter = {1.2},
	pages = {10--119}
}

@online{lehman2014biblatex,
	author = {Lehman, Philipp and Kime, Philip and Boruvka, Audrey and Wright, Joseph},
	title = {The BibLaTeX package},
	subtitle = {Programmable Bibliographies and Citations},
	year = {2014},
	url = {ftp://ftp.funet.fi/pub/TeX/CTAN/macros/latex/contrib/biblatex/doc/biblatex.pdf},
	version = {2.9a},
	urldate = {2014-07-03}
}